@Article{JINST,
     author    = "Adolphi, R. and others",
 collaboration = "CMS",
     title     = "{The CMS experiment at the CERN LHC}",
     journal   = "JINST",
     volume    = "0803",
     year      = "2008",
     pages     = "S08004",
     doi       = "10.1088/1748-0221/3/08/S08004",
     SLACcitation  = "%%CITATION = JINST,0803,S08004;%%"
}
@ARTICLE{steve,
     AUTHOR       = "Steve Wasserbaech",
     TITLE        = "Computeraized tomography of the {ALEPH} detector",
     JOURNAL      = "ALEPH Internal Note",
     VOLUME       = "ALEPH 97-08",
     YEAR         = "1997"}

@ARTICLE{EGM-10-005,
     author    = "CMS Collaboration ",
     collaboration = "CMS",
     title        = "Photon reconstruction and identification at $\sqrt{s}$=7~{TeV}",
     journal      = "CMS Physics Analysis Summary",
     volume       = "CMS-PAS-EGM-10-005",
     year         = "2010"}
@Article{pdg,
     author    = "K. Nakamura et al. (Particle Data Group)",
     title     = "The Review of Particle Physics",
     journal   = "J. Phys. G ",
     volume    = "37",
     year      = "2010",
     pages     = "",
     eprint    = "",
     archivePrefix = "",
     SLACcitation  = "%%CITATION = HEP-PH/0603175;%%"
}
@ARTICLE{TRK-10-001,
     author    = " CMS Collaboration",
     collaboration = "CMS",
     title        = "Tracking and Vertexing Results from First Collisions",
     journal      = "CMS Physics Analysis Summary",
     volume       = "{TRK-10-001}",
     year         = "2010"}
@ARTICLE{recoImprovement,
     author    = " Giordano, D. and Sguazzoni, G.",
     collaboration = "CMS",
     title        = "{CMS} reconstruction improvements for the tracking in large pile-up events",
     journal      = "Journal of Physics Conference Series",
     volume       = "{CHEP2012}",
     year         = "2012"}
@ARTICLE{TRK-10-003,
     author    = " CMS Collaboration",
     collaboration = "CMS",
     title        = "Studies of Tracker Material",
     journal      = "CMS Physics Analysis Summary",
     volume       = "{TRK-10-003}",
     year         = "2010"}
@ARTICLE{chic,
     author    = " CMS Collaboration",
     collaboration = "CMS",
     title        = "Observation of the $\chi_c$ states with 1.1 fb$^{-1}$",
     journal      = "CMS Detector Performance Summaries",
     volume       = "{CMS-DP-2011-011}",
     year         = "2011"}
